% kniha
@book{ADM,
	author = {Kvasnička, Vladimír and Pospíchal, Jiří},
	title = "Algebra a diskrétna matematika",
	publisher = "Vydavateľstvo STU",
	year = 2008
}
@article{PAJEK,
author = {Mrvar, Andrej and Batagelj, Vladimir},
title = "Pajek Pajek-XXL",
year = "2014"
}

@article{GEPHI,
author = {Bastian, M and Heymann, S and Jacomy, M},
keywords = {network,network science,visualization,graph explor},
pages = {361--362},
pmid = {1000044483},
title = {{Gephi: An open source software for exploring and manipulating networks. BT  - International AAAI Conference on Weblogs and Social}},
year = {2009}
}

@book{Diestel_GP,
author = {Diestel, Reinhard},
isbn = {0387989765},
title = {{Graph Theory}},
year = {2000}
}

@article{Cerny,
author = {{\v{C}}ern{\'{y}}, Jakub},
title = {{Z{\'{a}}kladn{\'{\i}} grafov{\'{e}} algoritmy}},
year = {2010}
}

@book{KzDM,
author ={Matoušek, Jiří and Nešetřil, Jaroslav},
title = {Kapitoly z diskétní matematiky},
year = {2002}
}

@book{DM,
author= {Abas, Marcel and Híc, Pavol},
title = {Diskrétna matematika},
year = {2005}
}







