@article{Cerny2010,
author = {{\v{C}}ern{\'{y}}, Jakub},
file = {:C$\backslash$:/Users/Richard/Downloads/ka.pdf:pdf},
title = {{Z{\'{a}}kladn{\'{\i}} grafov{\'{e}} algoritmy}},
year = {2010}
}
